<record><leader>00000cas a22000007a 4500</leader><controlfield tag="001">29994124</controlfield><controlfield tag="008">940321c19859999tnudr ne      0    0eng d</controlfield><datafield ind1=" " ind2=" " tag="010"><subfield code="a">sn 98069815 </subfield></datafield><datafield ind1=" " ind2=" " tag="040"><subfield code="a">TTU</subfield><subfield code="b">eng</subfield><subfield code="c">TTU</subfield><subfield code="d">OCL</subfield><subfield code="d">TGN</subfield><subfield code="d">OCLCQ</subfield><subfield code="d">OCLCF</subfield><subfield code="d">OCLCO</subfield></datafield><datafield ind1="1" ind2=" " tag="029"><subfield code="a">AU@</subfield><subfield code="b">000025927296</subfield></datafield><datafield ind1=" " ind2=" " tag="042"><subfield code="a">msc</subfield></datafield><datafield ind1=" " ind2=" " tag="043"><subfield code="a">n-us-tn</subfield></datafield><datafield ind1=" " ind2=" " tag="090"><subfield code="a">AN1</subfield><subfield code="b">.J65</subfield></datafield><datafield ind1="0" ind2=" " tag="130"><subfield code="a">Johnson City press (Johnson City, Tenn. : 1985)</subfield></datafield><datafield ind1="1" ind2="0" tag="245"><subfield code="a">Johnson City press.</subfield></datafield><datafield ind1=" " ind2=" " tag="260"><subfield code="a">Johnson City, Tenn. :</subfield><subfield code="b">Press,</subfield><subfield code="c">1985-</subfield></datafield><datafield ind1=" " ind2=" " tag="300"><subfield code="a">v. :</subfield><subfield code="b">ill. ;</subfield><subfield code="c">58 cm.</subfield></datafield><datafield ind1=" " ind2=" " tag="310"><subfield code="a">Daily</subfield></datafield><datafield ind1="0" ind2=" " tag="362"><subfield code="a">Vol. 66, no. 52 (Sept. 30, 1985)-</subfield></datafield><datafield ind1=" " ind2=" " tag="580"><subfield code="a">Formed by the union of: Johnson City press-chronicle (Johnson City, Tenn. : Morning Ed.), and: Johnson City press-chronicle (Johnson City, Tenn. : Evening Ed.).</subfield></datafield><datafield ind1=" " ind2="0" tag="651"><subfield code="a">Johnson City (Tenn.)</subfield><subfield code="v">Newspapers.</subfield></datafield><datafield ind1=" " ind2="0" tag="651"><subfield code="a">Washington County (Tenn.)</subfield><subfield code="v">Newspapers.</subfield></datafield><datafield ind1=" " ind2="7" tag="655"><subfield code="a">Newspapers.</subfield><subfield code="2">fast</subfield><subfield code="0">(OCoLC)fst01423814</subfield></datafield><datafield ind1=" " ind2="7" tag="651"><subfield code="a">Tennessee</subfield><subfield code="z">Johnson City.</subfield><subfield code="2">fast</subfield><subfield code="0">(OCoLC)fst01205644</subfield></datafield><datafield ind1=" " ind2="7" tag="651"><subfield code="a">Tennessee</subfield><subfield code="z">Washington County.</subfield><subfield code="2">fast</subfield><subfield code="0">(OCoLC)fst01234578</subfield></datafield><datafield ind1=" " ind2=" " tag="752"><subfield code="a">United States</subfield><subfield code="b">Tennessee</subfield><subfield code="c">Washington</subfield><subfield code="d">Johnson City.</subfield></datafield><datafield ind1="1" ind2="4" tag="780"><subfield code="t">Johnson City press-chronicle (Johnson City, Tenn. : Morning Ed.)</subfield><subfield code="w">(DLC)sn 98069818</subfield></datafield><datafield ind1="1" ind2="4" tag="780"><subfield code="t">Johnson City press-chronicle (Johnson City, Tenn. : Evening Ed.)</subfield><subfield code="w">(DLC)sn 98069850</subfield></datafield></record>